<record><leader>00000cas a22000007a 4500</leader><controlfield tag="001">15099542</controlfield><controlfield tag="008">870122d18531855aluir ne      0    0eng  </controlfield><datafield ind1=" " ind2=" " tag="010"><subfield code="a">sn 87062043 </subfield></datafield><datafield ind1=" " ind2=" " tag="040"><subfield code="a">DLC</subfield><subfield code="b">eng</subfield><subfield code="c">DLC</subfield><subfield code="d">MGN</subfield><subfield code="d">OCLCQ</subfield></datafield><datafield ind1=" " ind2=" " tag="042"><subfield code="a">msc</subfield></datafield><datafield ind1="0" ind2="0" tag="050"><subfield code="a">Newspaper 7035</subfield></datafield><datafield ind1="0" ind2=" " tag="130"><subfield code="a">Alabama State sentinel (Selma, Ala. : 1853 : Triweekly)</subfield></datafield><datafield ind1="1" ind2="0" tag="245"><subfield code="a">Alabama State sentinel.</subfield></datafield><datafield ind1="1" ind2="3" tag="246"><subfield code="a">Alabama sentinel</subfield></datafield><datafield ind1="1" ind2="3" tag="246"><subfield code="a">Tri-weekly State sentinel</subfield></datafield><datafield ind1=" " ind2=" " tag="260"><subfield code="a">Selma, Ala. :</subfield><subfield code="b">John Hardy</subfield></datafield><datafield ind1=" " ind2=" " tag="300"><subfield code="a">v. :</subfield><subfield code="b">ill. (chiefly advertisements) ;</subfield><subfield code="c">60 cm.</subfield></datafield><datafield ind1=" " ind2=" " tag="310"><subfield code="a">Triweekly</subfield></datafield><datafield ind1="1" ind2=" " tag="362"><subfield code="a">Began in Feb. 1853; ceased in 1855?</subfield></datafield><datafield ind1=" " ind2=" " tag="500"><subfield code="a">The word "state" appears over the masthead ornament.</subfield></datafield><datafield ind1=" " ind2=" " tag="530"><subfield code="a">Also issued on microfilm from the University of Alabama.</subfield></datafield><datafield ind1=" " ind2=" " tag="580"><subfield code="a">Also issued in a weekly edition with the same title.</subfield></datafield><datafield ind1=" " ind2=" " tag="588"><subfield code="a">Description based on: Vol. 2, no. 127 (Jan. 6, 1855).</subfield></datafield><datafield ind1=" " ind2=" " tag="752"><subfield code="a">United States</subfield><subfield code="b">Alabama</subfield><subfield code="c">Dallas</subfield><subfield code="d">Selma.</subfield></datafield><datafield ind1="1" ind2=" " tag="775"><subfield code="t">Alabama State sentinel (Selma, Ala. : 1853 : Weekly)</subfield><subfield code="w">(DLC)sn 86050426</subfield></datafield><datafield ind1="1" ind2=" " tag="029"><subfield code="a">AU@</subfield><subfield code="b">000025839254</subfield></datafield></record>